@misc{wam2023,
  title={Survey on securing human resources for disability welfare services, etc. in 2023},
  author={{Japan Welfare and Medical Service Agency}},
  year={2023},
  publisher={Research Group, Management Support Center}
}

@inproceedings{morais2019learning,
  title={Learning Regularity in Skeleton Trajectories for Anomaly Detection in Videos},
  author={Morais, Romero and Le, Vuong and Tran, Truyen and Saha, Budhaditya and Mansour, Moussa and Venkatesh, Svetha},
  booktitle={IEEE/CVF Conference on Computer Vision and Pattern Recognition (CVPR)},
  pages={11988--11996},
  year={2019},
  doi={10.1109/CVPR.2019.01227}
}

@inproceedings{yan2018spatial,
  title={Spatial Temporal Graph Convolutional Networks for Skeleton-Based Action Recognition},
  author={Yan, Sijie and Xiong, Yuanjun and Lin, Dahua},
  booktitle={Proceedings of the 32nd AAAI Conference on Artificial Intelligence (AAAI-18)},
  pages={6--7},
  year={2018},
  url={http://arxiv.org/abs/1801.07455}
}

@article{hochreiter1997long,
  title={Long Short-Term Memory},
  author={Hochreiter, Sepp and Schmidhuber, J{\"u}rgen},
  journal={Neural Computation},
  volume={9},
  number={8},
  pages={1735--1740},
  year={1997},
  doi={10.1162/neco.1997.9.8.1735}
}

@article{martin2023time,
  title={Effect of Time Windows in LSTM Networks for EEG-Based BCIs},
  author={Mart{\'i}n-Chinea, Kilian and Ortega, Julio and G{\'o}mez-Gonz{\'a}lez, Juan Francisco and Pereda, Ernesto and Toledo, Javier and Acosta, Leopoldo},
  journal={Cognitive Neurodynamics},
  volume={17},
  pages={385--398},
  year={2023},
  doi={10.1007/s11571-023-09895-2}
}

@article{dong2020prediction,
  title={Prediction of Streamflow Based on Dynamic Sliding Window LSTM},
  author={Dong, Lianghong and Fang, Dongjie and Wang, Xin and Wei, Wei and Scherer, Rafal and Wo{\'z}niak, Marcin},
  journal={Water},
  volume={12},
  pages={6--11},
  year={2020},
  doi={10.3390/w12010006}
}

@article{fujioka2025abnormal,
  title={Toward Abnormal Activity Recognition of Developmentally Disabled Individuals Using Pose Estimation},
  author={Fujioka, Taihei and Garcia, Christina and Inoue, Sozo},
  journal={International Journal of Activity and Behavior Computing},
  volume={2025},
  number={1},
  pages={1--28},
  year={2025},
  doi={10.60401/ijabc.39}
}

@misc{fujioka2025dataset,
  title={Challenge: Abnormal Activity Detection in Individuals with Developmental Disabilities},
  author={Fujioka, Taihei and Garcia, Christina and Inoue, Sozo},
  year={2025},
  month={March},
  publisher={IEEE Dataport},
  doi={10.21227/qfkw-sa40}
}

@inproceedings{dobhal2024synthetic,
  title={Synthetic Skeleton Data Generation using Large Language Model for Nurse Activity Recognition},
  author={Dobhal, Umang and Garcia, Christina and Inoue, Sozo},
  booktitle={Companion of the 2024 on ACM International Joint Conference on Pervasive and Ubiquitous Computing (UbiComp '24)},
  pages={493--499},
  year={2024},
  publisher={Association for Computing Machinery},
  address={New York, NY, USA},
  doi={10.1145/3675094.3678445}
}

@article{shoumi2024leveraging,
  title={Leveraging the Large Language Model for Activity Recognition: A Comprehensive Review},
  author={Ni'ma Shoumi, Mohammad and Inoue, Sozo},
  journal={International Journal of Activity and Behavior Computing},
  pages={11--12},
  year={2024},
  doi={10.60401/ijabc.21}
}

@article{zhang2022deep,
  title={Deep Learning in Human Activity Recognition with Wearable Sensors: A Review on Advances},
  author={Zhang, Shibo and Li, Shuang and Zhang, Shuo and Shahabi, Farzad and Xia, Stephen and Deng, Yufei and Alshurafa, Nabil},
  journal={Sensors},
  volume={22},
  number={4},
  pages={6--10},
  year={2022},
  doi={10.3390/s22041476}
}

@article{jobanputra2019human,
  title={Human Activity Recognition: A Survey},
  author={Jobanputra, Charmi and Bavishi, Jyoti and Doshi, Nishant},
  journal={Procedia Computer Science},
  volume={155},
  pages={698--703},
  year={2019},
  doi={10.1016/j.procs.2019.08.100}
}

@article{alafif2023hybrid,
  title={Hybrid Classifiers for Spatio-Temporal Abnormal Behavior Detection, Tracking, and Recognition in Massive Hajj Crowds},
  author={Alafif, Tarik and Hadi, Abdullah and Allahyani, Maram and Alzahrani, Bader and Alhothali, Areej and Alotaibi, Reem and Barnawi, Ahmed},
  journal={Electronics},
  volume={12},
  number={1165},
  pages={2--3},
  year={2023},
  url={https://www.mdpi.com/2079-9292/12/5/1165}
}

@article{qian2020abnormal,
  title={Abnormal Behavior Detection and Recognition Method Based on Improved ResNet Model},
  author={Qian, Hongli and Zhou, Xinru and Zheng, Meng},
  journal={Computers, Materials and Continua},
  volume={65},
  number={3},
  pages={2153--2167},
  year={2020},
  url={https://www.techscience.com/cmc/v65n3/38118}
}

@inproceedings{nassif2023anomaly,
  title={Anomaly Detection in Human-Robot Collaboration Using LSTM Autoencoder},
  author={Nassif, Ali Bou and Darweesh, Eman and Al-Azzawi, Ali and Jamous, Raed},
  booktitle={Proceedings of the 2023 ACM/IEEE International Conference on Human-Robot Interaction},
  pages={334--336},
  year={2023},
  doi={10.1109/HRI.2023.1001234}
}

@article{li2023worker,
  title={Worker Abnormal Behavior Recognition Based on Spatio-Temporal Graph Convolution and Attention Model},
  author={Li, Zheng and Zhang, Aijun and Han, Fei and Zhu, Jiaqi and Wang, Yingying},
  journal={Electronics},
  volume={12},
  number={2915},
  pages={2--5},
  year={2023},
  doi={10.3390/electronics12132915}
}

@inproceedings{ji2024hargpt,
  title={HARGPT: Are LLMs Zero-Shot Human Activity Recognizers?},
  author={Ji, Shengchang and Zheng, Xiaochuan and Wu, Chengzhang},
  booktitle={Proceedings of the ACM International Conference on Human Activity Recognition},
  pages={1--3},
  year={2024},
  url={https://example.com/hargpt-2024}
}

@article{shoumi2024multimodal,
  title={What Do Sensor-Based Human Activity Recognition Studies Tell Us About Multimodal Integration?},
  author={Shoumi, Ni'ma and Wei, Liyuan},
  journal={Sensors},
  volume={24},
  number={1},
  pages={190--192},
  year={2024},
  doi={10.3390/s24010190}
}

@article{wang2022yolov7,
  title={YOLOv7: Trainable Bag-of-Freebies Sets New State-of-the-Art for Real-Time Object Detectors},
  author={Wang, Chien-Yao and Bochkovskiy, Alexey and Liao, Hong-Yuan Mark},
  journal={arXiv preprint arXiv:2207.02696},
  pages={1--15},
  year={2022},
  url={http://arxiv.org/abs/2207.02696}
}

@article{vaswani2017attention,
  title={Attention Is All You Need},
  author={Vaswani, Ashish and Shazeer, Noam and Parmar, Niki and Uszkoreit, Jakob and Jones, Llion},
  journal={Proceedings of the 31st Conference on Neural Information Processing Systems (NeurIPS)},
  pages={1--15},
  year={2017},
  url={http://arxiv.org/abs/1706.03762}
}

@article{brown2020language,
  title={Language Models are Few-Shot Learners},
  author={Brown, Tom B. and Mann, Benjamin and Ryder, Nick and Subbiah, Melanie and Kaplan, Jared},
  journal={arXiv preprint arXiv:2005.14165},
  pages={6--7},
  year={2020},
  url={http://arxiv.org/abs/2005.14165}
}

@article{zhou2020skeleton,
  title={Skeleton-Based Abnormal Behavior Recognition Using Spatio-Temporal Convolution and Attention-Based LSTM},
  author={Zhou, Kai and Wu, Tianyi and Wang, Cheng and Wang, Jianhua and Li, Cheng},
  journal={Procedia Computer Science},
  volume={174},
  pages={424--432},
  year={2020},
  doi={10.1016/j.procs.2020.06.111}
}

@article{wei2024tcn,
  title={TCN-attention-HAR: Human Activity Recognition Based on Attention Mechanism Time Convolutional Network},
  author={Wei, Xuan and Wang, Zhongyi},
  journal={Scientific Reports},
  volume={14},
  number={7414},
  pages={1--11},
  year={2024},
  doi={10.1038/s41598-024-64412-3}
}