@misc{wam2023,
  title={Survey on securing human resources for disability welfare services, etc. in 2023},
  author={{Japan Welfare and Medical Service Agency}},
  year={2023},
  publisher={Research Group, Management Support Center}
}

@inproceedings{morais2019learning,
  title={Learning Regularity in Skeleton Trajectories for Anomaly Detection in Videos},
  author={Morais, Romero and Le, Vuong and Tran, Truyen and Saha, Budhaditya and Mansour, Moussa and Venkatesh, Svetha},
  booktitle={IEEE/CVF Conference on Computer Vision and Pattern Recognition (CVPR)},
  pages={11988--11996},
  year={2019},
  doi={10.1109/CVPR.2019.01227}
}

@inproceedings{yan2018spatial,
  title={Spatial Temporal Graph Convolutional Networks for Skeleton-Based Action Recognition},
  author={Yan, Sijie and Xiong, Yuanjun and Lin, Dahua},
  booktitle={Proceedings of the 32nd AAAI Conference on Artificial Intelligence},
  pages={7444--7452},
  year={2018}
}

@article{hochreiter1997long,
  title={Long Short-Term Memory},
  author={Hochreiter, Sepp and Schmidhuber, J{\"u}rgen},
  journal={Neural Computation},
  volume={9},
  number={8},
  pages={1735--1780},
  year={1997},
  doi={10.1162/neco.1997.9.8.1735}
}

@article{martin2023time,
  title={Effect of Time Windows in LSTM Networks for EEG-Based BCIs},
  author={Mart{\'i}n-Chinea, Kilian and Ortega, Julio and G{\'o}mez-Gonz{\'a}lez, Juan Francisco and Pereda, Ernesto and Toledo, Javier and Acosta, Leopoldo},
  journal={Cognitive Neurodynamics},
  volume={17},
  number={2},
  pages={385--398},
  year={2023},
  doi={10.1007/s11571-022-09895-2}
}

@article{dong2020prediction,
  title={Prediction of Streamflow Based on Dynamic Sliding Window LSTM},
  author={Dong, Lianghong and Fang, Dongjie and Wang, Xin and Wei, Wei and Scherer, Rafal and Wo{\'z}niak, Marcin},
  journal={Water},
  volume={12},
  number={11},
  pages={3032},
  year={2020},
  doi={10.3390/w12113032}
}

@article{fujioka2025abnormal,
  title={Toward Abnormal Activity Recognition of Developmentally Disabled Individuals Using Pose Estimation},
  author={Fujioka, Taihei and Garcia, Christina and Inoue, Sozo},
  journal={International Journal of Activity and Behavior Computing},
  volume={2025},
  number={1},
  pages={1--28},
  year={2025},
  doi={10.60401/ijabc.39}
}

@misc{fujioka2025dataset,
  title={Challenge: Abnormal Activity Detection in Individuals with Developmental Disabilities},
  author={Fujioka, Taihei and Garcia, Christina and Inoue, Sozo},
  year={2025},
  month={March},
  publisher={IEEE Dataport},
  doi={10.21227/qfkw-sa40}
}

@article{zhang2022deep,
  title={Deep Learning in Human Activity Recognition with Wearable Sensors: A Review on Advances},
  author={Zhang, Shibo and Li, Shuang and Zhang, Shuo and Shahabi, Farzad and Xia, Stephen and Deng, Yufei and Alshurafa, Nabil},
  journal={Sensors},
  volume={22},
  number={4},
  pages={1476},
  year={2022},
  doi={10.3390/s22041476}
}

@article{jobanputra2019human,
  title={Human Activity Recognition: A Survey},
  author={Jobanputra, Charmi and Bavishi, Jyoti and Doshi, Nishant},
  journal={Procedia Computer Science},
  volume={155},
  pages={698--703},
  year={2019},
  doi={10.1016/j.procs.2019.08.100}
}

@article{ashok2023challenges,
  title={Healthcare challenges and improvements in people with intellectual disabilities: A comprehensive review},
  author={Ashok, Kumar and Singh, Priya and Kumar, Raj},
  journal={Journal of Intellectual Disability Research},
  volume={67},
  number={4},
  pages={312--328},
  year={2023},
  doi={10.1111/jir.13021}
}

@article{buntinx2010models,
  title={Models of disability, quality of life, and individualized supports},
  author={Buntinx, Wil HE and Schalock, Robert L},
  journal={Journal of Intellectual Disability Research},
  volume={54},
  number={5},
  pages={441--453},
  year={2010},
  doi={10.1111/j.1365-2788.2010.01272.x}
}

@article{emerson2014health,
  title={Health inequalities and people with intellectual disabilities},
  author={Emerson, Eric and Hatton, Chris},
  journal={Cambridge University Press},
  year={2014},
  pages={1--312}
}

@article{ke2013review,
  title={A review on video-based human activity recognition},
  author={Ke, Shian-Ru and Thuc, Hoang Le Uyen and Lee, Yong-Jin and Hwang, Jenq-Neng and Yoo, Jang-Hee and Choi, Kyoung-Ho},
  journal={Computers},
  volume={2},
  number={2},
  pages={88--131},
  year={2013},
  doi={10.3390/computers2020088}
}

@article{inoue2019integrating,
  title={Integrating activity recognition and nursing care records: The system, deployment, and a verification study},
  author={Inoue, Sozo and Yamashita, Naoki and Yamazaki, Takeshi},
  journal={Proceedings of the ACM on Interactive, Mobile, Wearable and Ubiquitous Technologies},
  volume={3},
  number={3},
  pages={1--24},
  year={2019},
  doi={10.1145/3351244}
}

@article{wang2019deep,
  title={Deep learning for sensor-based activity recognition: A survey},
  author={Wang, Jindong and Chen, Yiqiang and Hao, Shuji and Peng, Xiaohui and Hu, Lisha},
  journal={Pattern Recognition Letters},
  volume={119},
  pages={3--11},
  year={2019},
  doi={10.1016/j.patrec.2018.02.010}
}

@article{ordonez2016deep,
  title={Deep convolutional and lstm recurrent neural networks for multimodal wearable activity recognition},
  author={Ord{\'o}{\~n}ez, Francisco Javier and Roggen, Daniel},
  journal={Sensors},
  volume={16},
  number={1},
  pages={115},
  year={2016},
  doi={10.3390/s16010115}
}

@inproceedings{shahroudy2016ntu,
  title={NTU RGB+D: A large scale dataset for 3D human activity recognition},
  author={Shahroudy, Amir and Liu, Jun and Ng, Tian-Tsong and Wang, Gang},
  booktitle={Proceedings of the IEEE conference on computer vision and pattern recognition},
  pages={1010--1019},
  year={2016},
  doi={10.1109/CVPR.2016.115}
}

@article{bulling2014tutorial,
  title={A tutorial on human activity recognition using body-worn inertial sensors},
  author={Bulling, Andreas and Blanke, Ulf and Schiele, Bernt},
  journal={ACM Computing Surveys},
  volume={46},
  number={3},
  pages={1--33},
  year={2014},
  doi={10.1145/2499621}
}

@article{liu2018skeleton,
  title={Skeleton-based human action recognition with global context-aware attention LSTM networks},
  author={Liu, Jun and Shahroudy, Amir and Xu, Dong and Wang, Gang},
  journal={IEEE Transactions on Image Processing},
  volume={27},
  number={4},
  pages={1586--1599},
  year={2018},
  doi={10.1109/TIP.2017.2785279}
}

@article{ramirez2022human,
  title={Human activity recognition using deep learning techniques},
  author={Ramirez, Hugo and Velastin, Sergio A and Moya, Ignacio and Filippidis, Arthur and Spyrou, Evaggelos and Voliotis, Stavros and Kosmopoulos, Dimitrios},
  journal={Sensors},
  volume={22},
  number={15},
  pages={5690},
  year={2022},
  doi={10.3390/s22155690}
}

@article{li2017skeleton,
  title={Skeleton-based action recognition using spatio-temporal LSTM network with trust gates},
  author={Li, Chao and Zhong, Qiaoyong and Xie, Di and Pu, Shiliang},
  journal={IEEE Transactions on Pattern Analysis and Machine Intelligence},
  volume={40},
  number={12},
  pages={3007--3021},
  year={2017},
  doi={10.1109/TPAMI.2017.2771306}
}

@inproceedings{lee2017ensemble,
  title={Ensemble deep learning for skeleton-based action recognition using temporal sliding lstm networks},
  author={Lee, Inwoong and Kim, Doyoung and Kang, Seungju and Lee, Sanghoon},
  booktitle={Proceedings of the IEEE international conference on computer vision},
  pages={1012--1020},
  year={2017},
  doi={10.1109/ICCV.2017.115}
}

@article{li2019temporal,
  title={Temporal attention-gated model for robust sequence classification},
  author={Li, Yann and Wei, Tao and Jin, Xiangyu and Wang, Jianqiang and Xu, Changsheng},
  journal={IEEE Transactions on Pattern Analysis and Machine Intelligence},
  volume={43},
  number={2},
  pages={770--783},
  year={2019},
  doi={10.1109/TPAMI.2019.2948179}
}

@inproceedings{plizzari2020skeleton,
  title={Skeleton-based action recognition via spatial and temporal transformer networks},
  author={Plizzari, Chiara and Cannici, Marco and Matteucci, Matteo},
  booktitle={Computer Vision--ACCV 2020},
  pages={694--710},
  year={2020},
  doi={10.1007/978-3-030-69532-3_42}
}

@article{hammerla2015let,
  title={On preserving statistical characteristics of accelerometry data using their empirical cumulative distribution},
  author={Hammerla, Nils Y and Ploetz, Thomas},
  journal={Proceedings of the 2013 international symposium on wearable computers},
  pages={65--68},
  year={2015},
  doi={10.1145/2493988.2494353}
}

@article{braganca2022validation,
  title={Validation methodologies for sensor-based human activity recognition},
  author={Bragan{\c{c}}a, Hugo and Colonna, Juan G and Lima, Wesllen S and Souto, Eduardo},
  journal={ACM Computing Surveys},
  volume={55},
  number={4},
  pages={1--36},
  year={2022},
  doi={10.1145/3495744}
}

@article{gholamiangonabadi2020deep,
  title={Deep neural networks for human activity recognition with wearable sensors: leave-one-subject-out cross-validation for model selection},
  author={Gholamiangonabadi, Danial and Kiselov, Nikita and Grolinger, Katarina},
  journal={IEEE Access},
  volume={8},
  pages={133982--133994},
  year={2020},
  doi={10.1109/ACCESS.2020.3010715}
}

@article{kwolek2014human,
  title={Human fall detection on embedded platform using depth maps and wireless accelerometer},
  author={Kwolek, Bogdan and Kepski, Michal},
  journal={Computer Methods and Programs in Biomedicine},
  volume={117},
  number={3},
  pages={489--501},
  year={2014},
  doi={10.1016/j.cmpb.2014.09.005}
}

@article{chen2021learning,
  title={Learning motion representations for real-time spatio-temporal action localization},
  author={Chen, Yue and Kalantidis, Yannis and Li, Jiajun and Yan, Shuicheng and Feng, Jiashi},
  journal={Pattern Recognition},
  volume={103},
  pages={107312},
  year={2021},
  doi={10.1016/j.patcog.2020.107312}
}